<?xml version="1.0" encoding="UTF-8"?>
<record xmlns="http://www.loc.gov/MARC21/slim">
   <leader>00999cam a22003133@ 4500</leader>
   <controlfield tag="001">4302527</controlfield>
   <controlfield tag="003">CaOOAMICUS</controlfield>
   <controlfield tag="005">19990112084144.0</controlfield>
   <controlfield tag="008">860129s1949    abca         s000 0 eng  </controlfield>
   <datafield tag="035" ind1=" " ind2=" ">
      <subfield code="a">ocn316144679</subfield>
   </datafield>
   <datafield tag="040" ind1=" " ind2=" ">
      <subfield code="a">CaOONLG</subfield>
      <subfield code="b">eng</subfield>
      <subfield code="c">CaOONLG</subfield>
      <subfield code="d">CaOONL</subfield>
      <subfield code="d">AEEN</subfield>
   </datafield>
   <datafield tag="090" ind1=" " ind2=" ">
      <subfield code="a">0641/000/005 1949</subfield>
      <subfield code="b">AEEN</subfield>
   </datafield>
   <datafield tag="100" ind1="1" ind2=" ">
      <subfield code="a">Sterling, G. R.</subfield>
   </datafield>
   <datafield tag="240" ind1="1" ind2="4">
      <subfield code="a">The control of Canada thistle and sow thistle in Alberta /</subfield>
   </datafield>
   <datafield tag="245" ind1="1" ind2="4">
      <subfield code="a">The control of Canada thistle and sow thistle in Alberta</subfield>
      <subfield code="c">by G.R. Sterling.</subfield>
   </datafield>
   <datafield tag="260" ind1=" " ind2=" ">
      <subfield code="a">Edmonton :</subfield>
      <subfield code="b">Dept. of Agriculture,</subfield>
      <subfield code="c">1949.</subfield>
   </datafield>
   <datafield tag="300" ind1=" " ind2=" ">
      <subfield code="a">[5] p. :</subfield>
      <subfield code="b">ill. ;</subfield>
      <subfield code="c">22 cm.</subfield>
   </datafield>
   <datafield tag="336" ind1=" " ind2=" ">
      <subfield code="a">text</subfield>
      <subfield code="b">txt</subfield>
      <subfield code="2">rdacontent</subfield>
   </datafield>
   <datafield tag="337" ind1=" " ind2=" ">
      <subfield code="a">unmediated</subfield>
      <subfield code="b">n</subfield>
      <subfield code="2">rdamedia</subfield>
   </datafield>
   <datafield tag="338" ind1=" " ind2=" ">
      <subfield code="a">volume</subfield>
      <subfield code="b">nc</subfield>
      <subfield code="2">rdacarrier</subfield>
   </datafield>
   <datafield tag="500" ind1=" " ind2=" ">
      <subfield code="a">Cover title.</subfield>
   </datafield>
   <datafield tag="500" ind1=" " ind2=" ">
      <subfield code="a">"Circular no. 76, Rev. 1949."</subfield>
   </datafield>
   <datafield tag="596" ind1=" " ind2=" ">
      <subfield code="a">2</subfield>
   </datafield>
   <datafield tag="650" ind1=" " ind2="0">
      <subfield code="a">Canada thistle</subfield>
      <subfield code="x">Control.</subfield>
   </datafield>
   <datafield tag="650" ind1=" " ind2="0">
      <subfield code="a">Sow thistle</subfield>
      <subfield code="x">Control.</subfield>
   </datafield>
   <datafield tag="710" ind1="1" ind2=" ">
      <subfield code="a">Alberta.</subfield>
      <subfield code="b">Field Crops Branch.</subfield>
   </datafield>
   <datafield tag="990" ind1="1" ind2="0">
      <subfield code="a">91001abb</subfield>
      <subfield code="b">71001ab</subfield>
   </datafield>
   <datafield tag="990" ind1="1" ind2="0">
      <subfield code="a">91002abb</subfield>
      <subfield code="b">71001ab</subfield>
   </datafield>
   <datafield tag="990" ind1="1" ind2="0">
      <subfield code="a">91003abb</subfield>
      <subfield code="b">71001ab</subfield>
   </datafield>
   <datafield tag="926" ind1=" " ind2=" ">
      <subfield code="a">AGL_CAP</subfield>
      <subfield code="b">PAMPHLET</subfield>
      <subfield code="c">0641/000/005 1949</subfield>
      <subfield code="d">PAMPHLET</subfield>
      <subfield code="f">1</subfield>
   </datafield>
</record>
